<?xml version="1.0" encoding="UTF-8"?><collection xmlns="http://www.loc.gov/MARC21/slim"><record><leader>00574nam--2200229-i-4500</leader><controlfield tag="001">000035598</controlfield><controlfield tag="002">20161230</controlfield><controlfield tag="003">22382</controlfield><controlfield tag="005">20170118232039</controlfield><controlfield tag="008">060222s1000------------r-----000-0-eng-d</controlfield><datafield ind1=" " ind2=" " tag="040"><subfield code="a">IFIN-HH</subfield></datafield><datafield ind1=" " ind2=" " tag="041"><subfield code="a">eng</subfield></datafield><datafield ind1=" " ind2=" " tag="100"><subfield code="a">Murrell, J. N</subfield></datafield><datafield ind1="1" ind2="0" tag="245"><subfield code="a">Valence theory</subfield><subfield code="c">J.N. Murrell, S.F.A. Kettle, J.M. Tedder</subfield></datafield><datafield ind1=" " ind2=" " tag="260"><subfield code="a">New York</subfield><subfield code="b">John Wiley and Sons Ltd</subfield><subfield code="c">1965</subfield></datafield><datafield ind1=" " ind2=" " tag="300"><subfield code="a">401 p</subfield></datafield><datafield ind1=" " ind2=" " tag="504"><subfield code="a">Contine Index</subfield></datafield><datafield ind1=" " ind2=" " tag="650"><subfield code="a">Valence</subfield></datafield><datafield ind1=" " ind2=" " tag="700"><subfield code="a">Kettle, S. F. A</subfield></datafield><datafield ind1="0" ind2="0" tag="700"><subfield code="a">Tedder, J. M</subfield></datafield><datafield ind1=" " ind2=" " tag="852"><subfield code="a">22382</subfield><subfield code="c">541.5</subfield></datafield><datafield ind1=" " ind2=" " tag="CAT"><subfield code="a">SYS</subfield><subfield code="c">20170118</subfield><subfield code="h">232039</subfield></datafield></record></collection>